% Encoding: UTF-8
@book{duda2012pattern,
  title={Pattern classification},
  author={Duda, Richard O and Hart, Peter E and Stork, David G},
  year={2012},
  publisher={John Wiley \& Sons}
}

https://www.byclb.com/TR/Tutorials/neural_networks/

@article{gose1997pattern,
  title={Pattern recognition and image analysis},
  author={Gose, Earl},
  year={1997},
  publisher={PHI}
}

@Misc{Omer2018,
  author              = {Omer Cengiz CELEBI},
  title               = {Neural Networks and Pattern Recognition [Online, Last accessed on 26 Dec 2019]},
  howpublished        = {https://www.byclb.com/TR/Tutorials/neural\_networks/Index.aspx},
  citeulike-linkout-0 = {https://www.byclb.com/TR/Tutorials/neural\_networks/},
}

@misc{gonzalez2002digital,
  title={Digital image processing},
  author={Gonzalez, Rafael C and Woods, Richard E and others},
  year={2002},
  publisher={Prentice hall New Jersey}
}
@Comment{jabref-meta: databaseType:bibtex;}
